@misc{praosUCmanuscript,
	Author = {Christian Badertscher and Peter Ga{\v z}i and Aggelos Kiayias
          and Alexander Russell and Vassilis Zikas},
	Title = {Composable Proof-of-Stake Blockchains with Dynamic Availability},
	Howpublished = {Manuscript},
	Year = 2018
}


@article{ouroboros-eprint,
	Author = {Aggelos Kiayias and Alexander Russell and Bernardo David and Roman Oliynykov},
	Bibsource = {dblp computer science bibliography, http://dblp.org},
	Biburl = {http://dblp.org/rec/bib/journals/iacr/KiayiasKRDO16},
	Date-Added = {2018-02-17 08:46:12 +0000},
	Date-Modified = {2018-02-17 08:46:32 +0000},
	Journal = {{IACR} Cryptology ePrint Archive},
	Pages = {889},
	Timestamp = {Thu, 08 Jun 2017 14:26:37 +0200},
	Title = {A Provably Secure Proof-of-Stake Blockchain Protocol},
	Url = {http://eprint.iacr.org/2016/889},
	Volume = {2016},
	Year = {2016},
	Bdsk-Url-1 = {http://eprint.iacr.org/2016/889}}

@misc{praos,
	Author = {Bernardo David and Peter Ga{\v z}i and Aggelos Kiayias and Alexander Russell},
	Howpublished = {Cryptology ePrint Archive, Report 2017/573},
	Note = {\url{http://eprint.iacr.org/2017/573}. To appear at EUROCRYPT 2018.},
	Title = {Ouroboros Praos: An adaptively-secure, semi-synchronous proof-of-stake protocol},
	Year = 2017}

@inproceedings{DBLP:conf/ccs/LuuNZBGS16,
	Author = {Loi Luu and Viswesh Narayanan and Chaodong Zheng and Kunal Baweja and Seth Gilbert and Prateek Saxena},
	Bibsource = {dblp computer science bibliography, http://dblp.org},
	Biburl = {http://dblp.org/rec/bib/conf/ccs/LuuNZBGS16},
	Booktitle = {Proceedings of the 2016 {ACM} {SIGSAC} Conference on Computer and Communications Security, Vienna, Austria, October 24-28, 2016},
	Crossref = {DBLP:conf/ccs/2016},
	Date-Added = {2018-02-13 12:02:30 +0000},
	Date-Modified = {2018-02-13 12:02:30 +0000},
	Doi = {10.1145/2976749.2978389},
	Pages = {17--30},
	Timestamp = {Mon, 24 Oct 2016 18:57:12 +0200},
	Title = {A Secure Sharding Protocol For Open Blockchains},
	Url = {http://doi.acm.org/10.1145/2976749.2978389},
	Year = {2016},
	Bdsk-Url-1 = {http://doi.acm.org/10.1145/2976749.2978389},
	Bdsk-Url-2 = {https://dx.doi.org/10.1145/2976749.2978389}}

@proceedings{DBLP:conf/ccs/2016,
	Bibsource = {dblp computer science bibliography, http://dblp.org},
	Biburl = {http://dblp.org/rec/bib/conf/ccs/2016},
	Date-Added = {2018-02-13 12:02:30 +0000},
	Date-Modified = {2018-02-13 12:02:30 +0000},
	Editor = {Edgar R. Weippl and Stefan Katzenbeisser and Christopher Kruegel and Andrew C. Myers and Shai Halevi},
	Isbn = {978-1-4503-4139-4},
	Publisher = {{ACM}},
	Timestamp = {Mon, 24 Oct 2016 15:38:42 +0200},
	Title = {Proceedings of the 2016 {ACM} {SIGSAC} Conference on Computer and Communications Security, Vienna, Austria, October 24-28, 2016},
	Url = {http://dl.acm.org/citation.cfm?id=2976749},
	Year = {2016},
	Bdsk-Url-1 = {http://dl.acm.org/citation.cfm?id=2976749}}

@misc{lerner,
	Author = {Sergio Demian Lerner},
	Title = {Drivechains, Sidechains and Hybrid 2-Way Peg Designs},
	Year = {2016}}

@misc{drivechains,
	Author = {Paul Sztorc},
	Note = {\url{http://www.truthcoin.info/blog/drivechain/}},
	Title = {Drivechain - The Simple Two Way Peg},
	Year = {November 2015}}

@article{sidechains,
	Author = {Back, Adam and Corallo, Matt and Dashjr, Luke and Friedenbach, Mark and Maxwell, Gregory and Miller, Andrew and Poelstra, Andrew and Tim{\'o}n, Jorge and Wuille, Pieter},
	Note = {\url{http://www. opensciencereview. com/papers/123/enablingblockchain-innovations-with-pegged-sidechains}},
	Title = {Enabling blockchain innovations with pegged sidechains},
	Year = {2014}}

@article{bitcoin,
	Author = {Nakamoto, Satoshi},
	Title = {Bitcoin: A peer-to-peer electronic cash system},
	Year = {2008}}

@inproceedings{velvet,
	Author = {Zamyatin, Alexei and Stifter, Nicholas and Judmayer, Aljosha and Schindler, Philipp and Weippl, Edgar and Knottenbelt, William and Zamyatin, Alexei},
	Booktitle = {International Conference on Financial Cryptography and Data Security},
	Organization = {Springer},
	Title = {A Wild Velvet Fork Appears! Inclusive Blockchain Protocol Changes in Practice},
	Year = {2018}}

@misc{nipopows,
	Author = {Kiayias, Aggelos and Miller, Andrew and Zindros, Dionysis},
	Title = {Non-Interactive Proofs of Proof-of-Work},
	Year = {2017},
	institution={Cryptology ePrint Archive, Report 2017/963, 2017. Accessed: 2017-10-03}}

@article{wood,
	Author = {Wood, Gavin},
	Journal = {Ethereum Project Yellow Paper},
	Pages = {1--32},
	Title = {Ethereum: A secure decentralised generalised transaction ledger},
	Volume = {151},
	Year = {2014}}

@article{buterin,
	Author = {Buterin, Vitalik and others},
	Journal = {white paper},
	Title = {A next-generation smart contract and decentralized application platform},
	Year = {2014}}

@article{algorand,
	Author = {Silvio Micali},
	Bibsource = {dblp computer science bibliography, http://dblp.org},
	Biburl = {http://dblp.uni-trier.de/rec/bib/journals/corr/Micali16},
	Journal = {CoRR},
	Timestamp = {Tue, 02 Aug 2016 12:59:27 +0200},
	Title = {{ALGORAND:} The Efficient and Democratic Ledger},
	Url = {http://arxiv.org/abs/1607.01341},
	Volume = {abs/1607.01341},
	Year = {2016},
	Bdsk-Url-1 = {http://arxiv.org/abs/1607.01341}}

@inproceedings{miller2014authenticated,
  title={Authenticated data structures, generically},
  author={Miller, Andrew and Hicks, Michael and Katz, Jonathan and Shi, Elaine},
  booktitle={ACM SIGPLAN Notices},
  volume={49},
  number={1},
  pages={411--423},
  year={2014},
  organization={ACM}
}

@misc{wood2016polkadot,
  title={Polkadot: Vision for a heterogeneous multi-chain framework},
  author={Wood, Gavin},
  year={2016},
  publisher={Github}
}

@article{ico,
  title={Interactive coin offerings},
  author={Teutsch, Jason and Buterin, Vitalik and Brown, Christopher},
  journal={Available at: \url{https://people.cs.uchicago.edu/~teutsch/papers/ico.pdf}},
  urldate={2017-11-16},
  year={2017}
}

@article{miller2014anonymous,
  title={Anonymous byzantine consensus from moderately-hard puzzles: A model for bitcoin},
  author={Miller, Andrew and LaViola Jr, Joseph J},
  journal={Available at: \url{http://nakamotoinstitute.org/research/anonymous-byzantine-consensus}},
  year={2014}
}

@phdthesis{buchman2016tendermint,
  title={Tendermint: Byzantine fault tolerance in the age of blockchains},
  author={Buchman, Ethan},
  year={2016}
}

@article{herlihy2018atomic,
  title={Atomic cross-chain swaps},
  author={Herlihy, Maurice},
  journal={arXiv preprint arXiv:1801.09515},
  year={2018}
}

@misc{atomicswaps,
  title={Alt chains and atomic transfers},
  author={Nolan, Tier},
  year={2013},
  howpublished={Available at: \url{https://bitcointalk.org/index.php?topic=193281.0}},
  url={https://bitcointalk.org/index.php?topic=193281.0},
  urldate={2018-04-26}
}

@inproceedings{bitcoinng,
  title={Bitcoin-NG: A Scalable Blockchain Protocol.},
  author={Eyal, Ittay and Gencer, Adem Efe and Sirer, Emin G{\"u}n and Van Renesse, Robbert},
  booktitle={NSDI},
  pages={45--59},
  year={2016}
}

@article{sompolinsky2013accelerating,
  title={Accelerating bitcoinâ€™s transaction processing},
  author={Sompolinsky, Yonatan and Zohar, Aviv},
  journal={Fast Money Grows on Trees, Not Chains},
  year={2013},
  publisher={Citeseer}
}

@article{danezis2015centrally,
  title={Centrally banked cryptocurrencies},
  author={Danezis, George and Meiklejohn, Sarah},
  journal={arXiv preprint arXiv:1505.06895},
  year={2015}
}

@inproceedings{popow,
  title={Proofs of proofs of work with sublinear complexity},
  author={Kiayias, Aggelos and Lamprou, Nikolaos and Stouka, Aikaterini-Panagiota},
  booktitle={International Conference on Financial Cryptography and Data Security},
  pages={61--78},
  year={2016},
  organization={Springer},
	publisher={Springer}
}

@misc{erc20,
  title={ERC 20 token standard},
  author={Vogelsteller, Fabian and Buterin, Vitalik},
  year={2015},
  howpublished={Available at: \url{https://github.com/ethereum/EIPs/blob/master/EIPS/eip-20.md}},
  url={https://github.com/ethereum/EIPs/blob/master/EIPS/eip-20.md},
  urldate={2018-04-28}
}

@inproceedings{blockstack,
  title={Blockstack: A Global Naming and Storage System Secured by Blockchains.},
  author={Ali, Muneeb and Nelson, Jude C and Shea, Ryan and Freedman, Michael J},
  booktitle={USENIX Annual Technical Conference},
  pages={181--194},
  year={2016}
}

@misc{openzeppelin-erc20,
  title={OpenZeppelin crowdsale contract},
  author = {Smart Contract Solutions, Inc},
  year = 2017,
	howpublished={Available at: \url{https://github.com/OpenZeppelin/openzeppelin-solidity/blob/v2.0.0-rc.1/contracts/token/ERC20/ERC20.sol}},
  url = {https://github.com/OpenZeppelin/openzeppelin-solidity/blob/v2.0.0-rc.1/contracts/token/ERC20/ERC20.sol},
  urldate = {2018-09-24}
}

@misc{openzeppelin-crowdsale,
  title={OpenZeppelin standard ERC20 token contract: Implementation of the basic standard token},
  author = {Smart Contract Solutions, Inc},
  year = 2017,
	howpublished={Available at: \url{https://github.com/OpenZeppelin/openzeppelin-solidity/blob/v2.0.0-rc.1/contracts/crowdsale/Crowdsale.sol}},
  url = {https://github.com/OpenZeppelin/openzeppelin-solidity/blob/v2.0.0-rc.1/contracts/crowdsale/Crowdsale.sol},
  urldate = {2018-09-24}
}

@inproceedings{pos-sidechains,
  title={Proof-of-Stake Sidechains},
  author={Kiayias, Aggelos and Ga{\v z}i, Peter and Zindros, Dionysis},
  booktitle={IEEE Symposium on Security and Privacy},
  organization={IEEE},
  publisher={IEEE},
	year={2019}
}

@inproceedings{pow-sidechains,
  title={Proof-of-Work Sidechains},
  author={Kiayias, Aggelos and Zindros, Dionysis},
	booktitle={International Conference on Financial Cryptography and Data Security: Workshop on Trusted Smart Contracts},
	organization={Springer},
	publisher={Springer},
	year={2019}
}

@misc{interledger,
	title={Interledger Protocol V4},
	author={The Interledger Payments Community Group},
	howpublished={Available at: \url{https://interledger.org/rfcs/0027-interledger-protocol-4/draft-5.html}},
	url={https://interledger.org/rfcs/0027-interledger-protocol-4/draft-5.html},
  urldate = {2018-09-25}
}

@article{poon2017plasma,
  title={Plasma: Scalable autonomous smart contracts},
  author={Poon, Joseph and Buterin, Vitalik},
  journal={White paper},
  year={2017}
}

@article{zamyatinxclaim,
  title={XCLAIM: Interoperability with Cryptocurrency-Backed Tokens},
  author={Zamyatin, Alexei and Harz, Dominik and Lind, Joshua and Panayiotou, Panayiotis and Gervais, Arthur and Knottenbelt, William J}
}

@techreport{khalil2018nocust,
  title={NOCUST--A Non-Custodial 2 nd-Layer Financial Intermediary},
  author={Khalil, Rami and Gervais, Arthur},
  year={2018},
  institution={Cryptology ePrint Archive, Report 2018/642. https://eprint. iacr. org/2018/642}
}

@misc{comit,
	title={COMIT: Cryptographically-secure Off-chain Multi-asset Instant
Transaction network},
  author={Hosp, Julian and Hoenisch, Toby and Kittiwongsunthorn, Paul},
	year={2017},
	howpublished={Available at: \url{https://www.comit.network/doc/COMIT%20white%20paper%20v1.0.2.pdf}},
	url={https://www.comit.network/doc/COMIT%20white%20paper%20v1.0.2.pdf},
  urldate = {2018-09-25}
}

@techreport{ethereum-eclipse,
  title={Ethereum eclipse attacks},
  author={W{\"u}st, Karl and Gervais, Arthur},
  year={2016},
  institution={ETH Zurich}
}

@inproceedings{andrychowicz2015pow,
  title={Pow-based distributed cryptography with no trusted setup},
  author={Andrychowicz, Marcin and Dziembowski, Stefan},
  booktitle={Annual Cryptology Conference},
  pages={379--399},
  year={2015},
  organization={Springer}
}

@inproceedings{andrychowicz2014fair,
  title={Fair two-party computations via bitcoin deposits},
  author={Andrychowicz, Marcin and Dziembowski, Stefan and Malinowski, Daniel and Mazurek, {\L}ukasz},
  booktitle={International Conference on Financial Cryptography and Data Security},
  pages={105--121},
  year={2014},
  organization={Springer}
}

@inproceedings{andrychowicz2014secure,
  title={Secure multiparty computations on bitcoin},
  author={Andrychowicz, Marcin and Dziembowski, Stefan and Malinowski, Daniel and Mazurek, Lukasz},
  booktitle={Security and Privacy (SP), 2014 IEEE Symposium on},
  pages={443--458},
  year={2014},
  organization={IEEE}
}

@misc{sztorc2014truthcoin,
  title={Truthcoin: trustless, decentralized, censorship-proof, incentive-compatible, scalable cryptocurrency prediction marketplace},
  author={Sztorc, P},
  year={2014}
}

@inproceedings{mccorry2017smart,
  title={A smart contract for boardroom voting with maximum voter privacy},
  author={McCorry, Patrick and Shahandashti, Siamak F and Hao, Feng},
  booktitle={International Conference on Financial Cryptography and Data Security},
  pages={357--375},
  year={2017},
  organization={Springer}
}

@online{BIP9,
  author = {Pieter Wuille and Peter Todd and Greg Maxwell and Rusty Russell},
  title = {Version bits with timeout and delay},
  year = 2015,
  url = {https://github.com/bitcoin/bips/blob/master/bip-0009.mediawiki},
  urldate = {2010-09-30}
}

@online{BIP141,
  author = {Eric Lombrozo and Johnson Lau and Pieter Wuille},
  title = {Segregated Witness (Consensus layer)},
  year = 2015,
  url = {https://github.com/bitcoin/bips/blob/master/bip-0141.mediawiki},
  urldate = {2015-12-21}
}

@online{vitalik-forks,
  author={Vitalik Buterin},
  title={Hard Forks, Soft Forks, Defaults and Coercion},
  year={2017},
  url={https://vitalik.ca/general/2017/03/14/forks_and_markets.html},
  urldate={2017-05-14}
}

@inproceedings{al2017scpki,
  title={SCPKI: A smart contract-based PKI and identity system},
  author={Al-Bassam, Mustafa},
  booktitle={Proceedings of the ACM Workshop on Blockchain, Cryptocurrencies and Contracts},
  pages={35--40},
  year={2017},
  organization={ACM}
}

@inproceedings{fruitchains,
  title={Fruitchains: A fair blockchain},
  author={Pass, Rafael and Shi, Elaine},
  booktitle={Proceedings of the ACM Symposium on Principles of Distributed Computing},
  pages={315--324},
  year={2017},
  organization={ACM}
}

@article{bonneau2015bitcoin,
  title={On Bitcoin as a public randomness source.},
  author={Bonneau, Joseph and Clark, Jeremy and Goldfeder, Steven},
  journal={IACR Cryptology ePrint Archive},
  volume={2015},
  pages={1015},
  year={2015}
}

@article{skiplist,
  title={Skip lists: a probabilistic alternative to balanced trees},
  author={Pugh, William},
  journal={Communications of the ACM},
  volume={33},
  number={6},
  pages={668--676},
  year={1990},
  publisher={ACM}
}

@inproceedings{compactsuperblocks,
  title={Compact Storage of Superblocks for NIPoPoW Applications},
  booktitle={The 1st International Conference on Mathematical Research for Blockchain Economy},
  author={Karantias, Kostis and Kiayias, Aggelos and Zindros, Dionysis},
  organization={Springer Nature},
  publisher={Springer Nature},
  year={2019}}

@MastersThesis{gtklocker,
  author={Kostis Karantias},
  title={{Enabling NIPoPoW Applications on Bitcoin Cash}},
  school={University of Ioannina},
  address={Ioannina, Greece},
  year={2019}}

@article{meckler2018coda,
  title={Coda: Decentralized cryptocurrency at scale},
  author={Meckler, Izaak and Shapiro, Evan},
  year={2018}
}

@article{flyclient,
	Author = {Benedikt B{\"u}nz and Lucianna Kiffer and Loi Luu and Mahdi Zamani},
	Date-Added = {2019-02-25},
	Journal = {{IACR} Cryptology ePrint Archive},
	Title = {Flyclient: Super-Light Clients for Cryptocurrencies},
	Url = {https://eprint.iacr.org/2019/226},
	Volume = {2019},
	Year = {2019},
	Bdsk-Url-1 = {https://eprint.iacr.org/2019/226}}

@inproceedings{avarikioti2019bitcoin,
  title={Bitcoin Security under Temporary Dishonest Majority},
  author={Avarikioti, Georgia and K{\"a}ppeli, Lukas and Wang, Yuyi and Wattenhofer, Roger},
  booktitle={23rd Financial Cryptography and Data Security (FC)},
  year={2019},
	publisher={Springer}
}

@article{divide-and-scale,
  title={{Divide and scale: Formalization of distributed ledger sharding protocols}},
  author={Avarikioti, Georgia and Kokoris-Kogias, Eleftherios and Wattenhofer, Roger},
  journal={arXiv preprint arXiv:1910.10434},
  year={2019}
}

@inproceedings{pow,
  title={Pricing via processing or combatting junk mail},
  author={Dwork, Cynthia and Naor, Moni},
  booktitle={Annual International Cryptology Conference},
  pages={139--147},
  year={1992},
  organization={Springer},
  publisher={Springer}
}

@online{bitcoin-dev-guide,
  title={Developer Guide - Bitcoin},
  author={The Bitcoin Developers},
  url={https://bitcoin.org/en/developer-guide},
  howpublished={Available at: \url{https://bitcoin.org/en/developer-guide}},
  urldate={2019-09-16}
}

@article{eip6,
  title={Renaming SUICIDE opcode},
  author={Hudson Jameson},
  journal={URL: https://github.com/ethereum/EIPs/blob/master/EIPS/eip-6.md},
  year={2015}
}

@inproceedings{ro,
  title={Random oracles are practical: A paradigm for designing efficient protocols},
  author={Bellare, Mihir and Rogaway, Phillip},
  booktitle={Proceedings of the 1st ACM conference on Computer and communications security},
  pages={62--73},
  year={1993},
  organization={ACM},
  publisher={ACM}
}

@inproceedings{backbone,
	Author = {Juan A. Garay and Aggelos Kiayias and Nikos Leonardos},
  booktitle={Annual International Conference on the Theory and Applications of Cryptographic Techniques},
	Doi = {10.1007/978-3-662-46803-6_10},
	Editor = {Elisabeth Oswald and Marc Fischlin},
	Month = {Apr},
	Pages = {281--310},
	Publisher = {Springer},
	Series = {LNCS},
	Title = {The Bitcoin Backbone Protocol: Analysis and Applications},
	Volume = {9057},
	Year = 2015,
	Bdsk-Url-1 = {https://doi.org/10.1007/978-3-662-46803-6_10}}

@misc{backbone-new,
	Author = {Juan Garay and Aggelos Kiayias and Nikos Leonardos},
	Howpublished = {Cryptology ePrint Archive, Report 2014/765},
	Note = {\url{https://eprint.iacr.org/2014/765}},
	Title = {The Bitcoin Backbone Protocol: Analysis and Applications (revised 2019)},
	Year = {2014}}

@misc{lightning,
  title={The bitcoin lightning network: Scalable off-chain instant payments},
  author={Poon, Joseph and Dryja, Thaddeus},
  year={2016}
}

@inproceedings{composable-lightning,
  title={A composable security treatment of the lightning network},
  author={Kiayias, Aggelos and Litos, Orfeas Stefanos Thyfronitis},
  booktitle={2020 IEEE 33rd Computer Security Foundations Symposium (CSF)},
  pages={334--349},
  year={2020},
  organization={IEEE},
  publisher={IEEE}
}

@article{truebit,
  title={A scalable verification solution for blockchains},
  author={Teutsch, Jason and Reitwie{\ss}ner, Christian},
  journal={arXiv preprint arXiv:1908.04756},
  year={2019}
}

@article{starks,
  title={Scalable, transparent, and post-quantum secure computational integrity.},
  author={Ben-Sasson, Eli and Bentov, Iddo and Horesh, Yinon and Riabzev, Michael},
  journal={IACR Cryptol. ePrint Arch.},
  volume={2018},
  pages={46},
  year={2018}
}

@article{plasmacash,
  title={{Plasma Cash: Towards more efficient Plasma constructions}},
  author={Konstantopoulos, Georgios},
  journal={arXiv preprint arXiv:1911.12095},
  year={2019},
	Url = {https://arxiv.org/pdf/1911.12095.pdf},
	Volume = {abs/1612.05491},
	Bdsk-Url-1 = {https://arxiv.org/pdf/1911.12095.pdf}
}

@article{plasma,
  title={Plasma: Scalable autonomous smart contracts},
  author={Poon, Joseph and Buterin, Vitalik},
  journal={White paper},
  year={2017}
}

@article{edrax,
  title={{Edrax: A Cryptocurrency with Stateless Transaction Validation.}},
  author={Chepurnoy, Alexander and Papamanthou, Charalampos and Zhang, Yupeng},
  journal={IACR Cryptology ePrint Archive},
  volume={2018},
  pages={968},
  year={2018}
}

@inproceedings{bulletproofs,
  title={Bulletproofs: Short proofs for confidential transactions and more},
  author={B{\"u}nz, Benedikt and Bootle, Jonathan and Boneh, Dan and Poelstra, Andrew and Wuille, Pieter and Maxwell, Greg},
  booktitle={2018 IEEE Symposium on Security and Privacy (SP)},
  pages={315--334},
  year={2018},
  organization={IEEE},
  publisher={IEEE Computer Society}
}

@article{velvet-nipopows,
  title={{The Velvet Path to Superlight Blockchain Clients}},
  author={Kiayias, Aggelos and Polydouri, Andrianna and Zindros, Dionysis},
 	Journal={{IACR} Cryptology ePrint Archive},
	institution={{Cryptology ePrint Archive, Report 2020/1122}},
  year={2020},
  volume={2020},
  pages={1122}
}

@inproceedings{soft-power,
  title={{Soft Power: Upgrading Chain Macroeconomic Policy Through Soft Forks}},
  author={Zindros, Dionysis},
	booktitle={International Conference on Financial Cryptography and Data Security},
	organization={Springer},
	publisher={Springer},
	year={2021}
}

@inproceedings{brick,
  title={{Brick: Asynchronous incentive-compatible payment channels}},
  author={Avarikioti, Zeta and Kogias, EK and Wattenhofer, Roger and Zindros, Dionysis},
  booktitle={International Conference on Financial Cryptography and Data Security},
	publisher={Springer},
  year={2021}
}

@inproceedings{cerberus,
  title={{Cerberus Channels: Incentivizing Watchtowers for Bitcoin}},
  author={Avarikioti, Zeta and Litos, Orfeas Stefanos Thyfronitis and Wattenhofer, Roger},
  booktitle={International Conference on Financial Cryptography and Data Security},
  pages={346--366},
  year={2020},
  organization={Springer}
}

@inproceedings{varbackbone,
	Author = {Juan A. Garay and Aggelos Kiayias and Nikos Leonardos},
  booktitle={Annual International Cryptology Conference},
	Editor = {Jonathan Katz and Hovav Shacham},
	Month = {Aug},
	Pages = {291--323},
	Publisher = {Springer},
	Series = {LNCS},
	Title = {The Bitcoin Backbone Protocol with Chains of Variable Difficulty},
	Volume = 10401,
	Year = 2017}

@article{rollerchain,
  title={Rollerchain, a blockchain with safely pruneable full blocks},
  author={Chepurnoy, Alexander and Larangeira, Mario and Ojiganov, Alexander},
  journal={arXiv preprint arXiv:1603.07926},
  year={2016}
}

@inproceedings{bitcoin-prune,
  title={How to Securely Prune Bitcoinâ€™s Blockchain},
  author={Matzutt, Roman and Kalde, Benedikt and Pennekamp, Jan and Drichel, Arthur and Henze, Martin and Wehrle, Klaus},
  booktitle={2020 IFIP Networking Conference (Networking)},
  pages={298--306},
  year={2020},
  organization={IEEE}
}

@article{utreexo,
  title={{Utreexo: A dynamic hash-based accumulator optimized for the Bitcoin UTXO set}},
  author={Dryja, Thaddeus},
  journal={IACR Cryptol. ePrint Arch.},
  volume={2019},
  pages={611},
  year={2019}
}

@misc{highway,
	Author = {Andrew Miller},
	Date-Added = {2019-05-16 00:09:50 +0200},
	Date-Modified = {2019-05-16 00:09:50 +0200},
	Howpublished = {bitcoin forum post},
	Title = {The high-value-hash highway},
	Year = {2012}}

@inproceedings{merkle,
  title={A digital signature based on a conventional encryption function},
  author={Merkle, Ralph C},
  booktitle={Conference on the Theory and Application of Cryptographic Techniques},
  pages={369--378},
  year={1987},
  organization={Springer}
}

@techreport{supremacy,
  title={Consensus redux: distributed ledgers in the face of adversarial supremacy},
  author={Badertscher, Christian and Gazi, Peter and Kiayias, Aggelos and Russell, Alexander and Zikas, Vassilis},
  year={2020},
  institution={Cryptology ePrint Archive, Report 2020/1021}
}

@misc{ergo,
  title={{Ergo: A resilient platform for contractual money}},
  author={Developers, Ergo},
  year={2019}
}

@article{eip210,
  title={Blockhash refactoring},
  author={Vitalik Buterin},
  journal={URL: \url{https://github.com/ethereum/EIPs/blob/master/EIPS/eip-210.md}},
  year={2017}
}

@article{zip221,
  title={{FlyClient - Consensus-Layer Changes}},
  author={Ying Tong Lai and James Prestwich and Georgios Konstantopoulos},
  journal={URL: \url{https://zips.z.cash/zip-0221}},
  year={2019}
}

@techreport{wallet-taxonomy,
  title={SoK: A Taxonomy of Cryptocurrency Wallets},
  author={Karantias, Kostis},
  year={2020},
  institution={IACR Cryptology ePrint Archive, 2020: 868}
}

@article{mimblewimble,
  title={Mimblewimble},
  author={Poelstra, Andrew},
  year={2016},
  publisher={Andrew Poelstra}
}

@inproceedings{softpower,
  title={Soft Power: Upgrading Chain Macroeconomic Policy Through Soft Forks},
  author={Zindros, Dionysis},
	booktitle={International Conference on Financial Cryptography and Data Security: Workshop on Trusted Smart Contracts},
	organization={Springer},
	publisher={Springer},
	year={2021}
}

@inproceedings{smartotp,
  title={{SmartOTPs: An air-gapped 2-factor authentication for smart-contract wallets}},
  author={Homoliak, Ivan and Breitenbacher, Dominik and Hujnak, Ondrej and Hartel, Pieter and Binder, Alexander and Szalachowski, Pawel},
  booktitle={Proceedings of the 2nd ACM Conference on Advances in Financial Technologies},
  pages={145--162},
  year={2020}
}

@inproceedings{hardware-wallets,
  title={A formal treatment of hardware wallets},
  author={Arapinis, Myrto and Gkaniatsou, Andriana and Karakostas, Dimitris and Kiayias, Aggelos},
  booktitle={International Conference on Financial Cryptography and Data Security},
  pages={426--445},
  year={2019},
  organization={Springer}
}

@techreport{rfc6238,
  author = {M'Raihi, David and Machani, Salah and Pei, Mingliang and Rydell, Johan},
  title = {{Totp: Time-based one-time password algorithm}},
  howpublished = {Internet Requests for Comments},
  type = {RFC},
  number = 6238,
  year = {2011},
  month = {5},
  issn = {2070-1721},
  publisher = {RFC Editor},
  institution = {RFC Editor},
  url = {https://www.rfc-editor.org/rfc/rfc6238.txt}
}

@techreport{rfc4226,
  author = {Mâ€™Raihi, David and Bellare, Mihir and Hoornaert, Frank and Naccache, David and Ranen, Ohad},
  title = {{Hotp: An hmac-based one-time password algorithm}},
  howpublished = {Internet Requests for Comments},
  type = {RFC},
  number = 4226,
  year = {2005},
  month = {12},
  publisher = {RFC Editor},
  institution = {RFC Editor},
  url = {https://www.rfc-editor.org/rfc/rfc4226.txt}
}

@inproceedings{brain-drain,
  title={{The bitcoin brain drain: Examining the use and abuse of bitcoin brain wallets}},
  author={Vasek, Marie and Bonneau, Joseph and Castellucci, Ryan and Keith, Cameron and Moore, Tyler},
  booktitle={International Conference on Financial Cryptography and Data Security},
  pages={609--618},
  year={2016},
  organization={Springer}
}

@article{ipfs,
  title={{IPFS: Content addressed, versioned, p2p file system}},
  author={Benet, Juan},
  journal={arXiv preprint arXiv:1407.3561},
  year={2014}
}

@article{timelock,
  title={Time-lock puzzles and timed-release crypto},
  author={Rivest, Ronald L and Shamir, Adi and Wagner, David A},
  year={1996},
  publisher={Massachusetts Institute of Technology. Laboratory for Computer Science}
}

@article{timelock-bitcoin,
  title={How to build time-lock encryption},
  author={Liu, Jia and Jager, Tibor and Kakvi, Saqib A and Warinschi, Bogdan},
  journal={Designs, Codes and Cryptography},
  volume={86},
  number={11},
  pages={2549--2586},
  year={2018},
  publisher={Springer}
}

@misc{miller-timelock,
  title={{IRC logs of \#bitcoin-wizards on 2015-03-13 on FreeNode}},
  author={Andrew Miller},
  howpublished={\url{https://download.wpsoftware.net/bitcoin/wizards/2015-03-13.html}},
  year={2015},
  month={03},
  day={13},
  note={Accessed: 2021-05-13},
}

@inproceedings{bitcoin-sok,
  title={{SoK: Research Perspectives and Challenges for Bitcoin and Cryptocurrencies}},
  author={Bonneau, Joseph and Miller, Andrew and Clark, Jeremy and Narayanan, Arvind and Kroll, Joshua A and Felten, Edward W},
  booktitle={Security and Privacy (SP), 2015 IEEE Symposium on},
  pages={104--121},
  year={2015},
  organization={IEEE}
}

@inproceedings{ouroboros,
	Title={{Ouroboros: A Provably Secure Proof-of-Stake Blockchain Protocol}},
  author={Kiayias, Aggelos and Russell, Alexander and David, Bernardo and Oliynykov, Roman},
  booktitle={Annual International Cryptology Conference},
  pages={357--388},
  year={2017},
	month={Aug},
	Volume={10401},
  organization={Springer},
	publisher={Springer},
	series={LNCS},
	editor={Jonathan Katz and Hovav Shacham}
}

@inproceedings{ma2018mmap,
  title={The MMap strikes back: obfuscation and new multilinear maps immune to CLT13 zeroizing attacks},
  author={Ma, Fermi and Zhandry, Mark},
  booktitle={Theory of Cryptography Conference},
  pages={513--543},
  year={2018},
  organization={Springer}
}

@article{DBLP:journals/iacr/BentovPS16a,
	Author = {Iddo Bentov and Rafael Pass and Elaine Shi},
	Bibsource = {dblp computer science bibliography, https://dblp.org},
	Biburl = {https://dblp.org/rec/bib/journals/iacr/BentovPS16a},
	Date-Added = {2018-05-06 09:07:34 +0000},
	Date-Modified = {2018-05-06 09:07:34 +0000},
	Journal = {{IACR} Cryptology ePrint Archive},
	Pages = {919},
	Timestamp = {Thu, 08 Jun 2017 14:26:43 +0200},
	Title = {Snow White: Provably Secure Proofs of Stake},
	Url = {http://eprint.iacr.org/2016/919},
	Volume = {2016},
	Year = {2016},
	Bdsk-Url-1 = {http://eprint.iacr.org/2016/919}}

@misc{bahack,
	Author = {Lear Bahack},
	Howpublished = {Cryptology ePrint Archive, Report 2013/868},
	Note = {\url{http://eprint.iacr.org/2013/868}},
	Title = {Theoretical {Bitcoin} Attacks with less than Half of the Computational Power (draft)},
	Year = 2013}

@inproceedings{derivatives,
  author={Karantias, Kostis and Kiayias, Aggelos and Zindros, Dionysis},
  booktitle={The 2nd International Conference on Mathematical Research for Blockchain Economy},
	Title = {Smart Contract Derivatives},
	Year = {2020},
  organization={Springer Nature}
}

@inproceedings{mining-games,
  title={Blockchain mining games},
  author={Kiayias, Aggelos and Koutsoupias, Elias and Kyropoulou, Maria and Tselekounis, Yiannis},
  booktitle={Proceedings of the 2016 ACM Conference on Economics and Computation},
  pages={365--382},
  year={2016}
}

@inproceedings{temporary-dishonest,
  title={Bitcoin Security under Temporary Dishonest Majority},
  author={Avarikioti, Georgia and K{\"a}ppeli, Lukas and Wang, Yuyi and Wattenhofer, Roger},
  booktitle={23rd Financial Cryptography and Data Security (FC)},
  year={2019},
	publisher={Springer}
}

@inproceedings{ouroboros-genesis,
  title={Ouroboros genesis: Composable proof-of-stake blockchains with dynamic availability},
  author={Badertscher, Christian and Ga{\v{z}}i, Peter and Kiayias, Aggelos and Russell, Alexander and Zikas, Vassilis},
  booktitle={Proceedings of the 2018 ACM SIGSAC Conference on Computer and Communications Security},
  pages={913--930},
  year={2018}
}

@inproceedings{selfish,
  title={{Majority is not enough: Bitcoin mining is vulnerable}},
  author={Eyal, Ittay and Sirer, Emin G{\"u}n},
  booktitle={{International Conference on Financial Cryptography and Data Security}},
  pages={436--454},
  year={2014},
  organization={Springer}
}

@inproceedings{flashboys,
  title={Flash boys 2.0: Frontrunning in decentralized exchanges, miner extractable value, and consensus instability},
  author={Daian, Philip and Goldfeder, Steven and Kell, Tyler and Li, Yunqi and Zhao, Xueyuan and Bentov, Iddo and Breidenbach, Lorenz and Juels, Ari},
  booktitle={2020 IEEE Symposium on Security and Privacy (SP)},
  pages={910--927},
  year={2020},
  organization={IEEE}
}
